3842 5925
934 584 1020 646 36

933 795 1180 878 latum),
1229 793 1462 880 sigillis
1511 794 1592 858 ad
1643 796 1853 879 ipsum
1884 795 2245 878 marginem
2294 795 2454 878 sitis,
2503 792 3020 878 sulcisormibus‚
3068 817 3300 881 parum
3348 817 3502 859 evo-

935 902 1087 967 lutis
1136 915 1247 966 aut
1294 901 1630 966 subnullis.
1739 902 1927 966 Labiz'
2016 923 2168 988 pars
2231 900 2501 987 apicalis
2564 900 2699 966 fere
2764 900 3035 964 dimidia
3096 911 3158 964 et
3216 904 3505 967 maxilla-

936 1032 1075 1073 rum
1121 1031 1271 1095 pars
1319 1007 1560 1073 basalis
1607 1009 1876 1071 interior
1924 1007 2184 1072 abunde
2232 1007 2685 1072 denticulatae.
2733 1009 2923 1093 Palm·
2951 1009 3203 1072 extensi
3238 1009 3489 1094 apicem

935 1115 1313 1202 patellarum
1365 1116 1399 1179 I
1449 1116 1586 1180 fere
1633 1115 1985 1200 attingunt3
2034 1137 2255 1179 eorum
2304 1137 2454 1201 pars
2503 1114 2833 1179 femoralis
2881 1117 2979 1179 21
3032 1115 3244 1201 longa,
3291 1116 3497 1202 patel-

936 1224 1090 1287 laris
1145 1225 1242 1286 1·4
1289 1222 1500 1307 longa,
1547 1225 1650 1286 0-8
1700 1221 1846 1305 lata,
1908 1220 2155 1287 tibialis
2205 1224 2308 1285 24
2371 1221 2583 1306 longa,
2649 1226 2739 1286 l·1
2810 1222 2953 1306 lata,
3015 1223 3269 1287 tarsalis
3340 1225 3487 1288 1·Οἴ)

936 1331 1143 1414 longa,
1192 1331 1340 1394 0³75
1388 1328 1534 1393 lata.
1583 1332 1742 1393 Pars
1792 1328 2035 1393 tibialis
2106 1328 2383 1414 desuper
2444 1330 2588 1394 visa
2656 1328 2855 1395 latere
2916 1331 3219 1394 interiore
3282 1333 3493 1395 maxi-

937 1459 1105 1501 mam
1175 1448 1425 1522 partem
1497 1435 1818 1518 subrectQ
1886 1437 2205 1501 exteriore
2274 1435 2507 1500 leviter
2576 1448 2639 1501 et
2707 1436 3201 1523 inaequabiliter
3247 1437 3481 1518 (basim

938 1567 1161 1609 versus
1210 1543 1467 1629 fortius)
1537 1565 1846 1626 conver
1939 1544 2190 1629 apicem
2260 1566 2489 1608 versus
2557 1546 2775 1629 itaque
2842 1542 3076 1608 leviter
3142 1555 3503 1626 attenuatar,

931 1675 969 1714 a
1014 1651 1217 1715 latere
1265 1653 1408 1714 visa
1454 1674 1649 1738 supra
1694 1651 1947 1715 modice
2009 1664 2071 1718 et
2116 1673 2321 1738 paene
2392 1649 2815 1738 aequabiliter
2884 1673 3206 1734 convexa,
3278 1652 3503 1715 subter

934 1758 1125 1843 longe
1172 1758 1336 1840 (fere
1384 1781 1421 1821 a
1468 1758 1631 1834 basi)
1679 1758 2177 1844 inaequabiliter
2223 1759 2314 1841 (in
2386 1757 2655 1822 dimidio
2725 1756 2957 1844 apicali
3031 1759 3286 1839 fortius)
3335 1769 3495 1823 atte-

934 1876 1148 1950 nuata,
1195 1867 1377 1952 apice
1425 1864 1622 1951 duplo
1671 1865 1807 1930 fere
1852 1867 2110 1930 tenuior
2156 1888 2351 1951 quam
2399 1866 2466 1929 in
2502 1878 2681 1950 parte
2706 1865 3035 1929 latissima.
3088 1868 3244 1929 Pars
3293 1864 3494 1930 femo-

937 1973 1088 2036 ralis
1135 1973 1402 2036 inermis
1451 1971 1730 2056 videtur,
1777 1971 2110 2057 patellaris
2161 1994 2357 2060 supra
2402 1973 2471 2035 in
2518 1974 2702 2059 apice
2751 1977 2887 2036 seta.
2945 1972 3142 2057 longa
3201 1984 3499 2075 ornatur,

933 2079 1176 2144 tibialis
1225 2081 1288 2142 in
1339 2078 1609 2142 dimidio
1657 2077 1892 2166 apicali
1942 2079 2163 2143 lateris
2212 2080 2536 2144 interioris
2571 2101 2771 2165 supra
2802 2079 3047 2145 aculeis
3080 2080 3494 2144 mediocriter

935 2187 1144 2273 longis
1194 2185 1644 2272 subadpressis
1697 2190 1813 2270 1.1,
1860 2186 2038 2250 infra
2083 2186 2308 2251 aculeo
2362 2191 2389 2250 1
2445 2186 2749 2271 longiore,
2796 2199 3130 2274 praeterea
3178 2189 3241 2250 in
3292 2186 3492 2252 latere

936 2293 1242 2358 inferiore
1289 2295 1595 2358 interiore
1642 2296 1796 2358 setis
1846 2293 2143 2378 fortibus,
2209 2294 2342 2358 fere
2403 2293 2953 2372 aculeiformibuS‚
3015 2295 3399 2380 patentibuS,
3449 2297 3490 2358 6

933 2414 1041 2466 aut
1090 2403 1128 2466 8
1178 2402 1520 2481 instructat,
1587 2424 1739 2488 pars
1816 2401 2074 2465 tarsalis
2145 2402 2326 2488 apice
2398 2399 2645 2484 biloba,
2718 2400 2863 2464 lobo
2923 2401 3228 2465 interiore
3297 2424 3491 2487 quam

932 2510 1213 2574 exterior
1261 2506 1477 2594 paullo
1526 2508 1844 2592 breviore,
1894 2508 2140 2573 aculeis
2188 2510 2229 2571 2
2277 2509 2573 2592 (fortasse
2638 2509 2703 2578 3)
2751 2531 2877 2572 non
2942 2510 3198 2593 magnis
3246 2521 3486 2573 ornato.

933 2615 1178 2680 Bulbus
1226 2615 1530 2700 genitalis
1576 2617 1644 2678 in
1696 2615 2018 2681 embolum
2068 2615 2424 2701 productus
2472 2614 2738 2700 longum
2786 2614 2999 2692 valde,
3050 2621 3293 2701 apicem
3343 2637 3490 2680 ver-

933 2748 1041 2787 sus
1088 2747 1316 2809 parum
1362 2722 1863 2809 inaequabiliter
1909 2734 2345 2806 attenuatum,
2411 2724 2767 2807 marginem
2833 2722 3149 2809 apicalem
3212 2723 3488 2787 exterio-

935 2855 1066 2895 rem
1116 2832 1318 2917 partis
1368 2829 1697 2916 patellaris
1746 2832 2189 2914 attingentem.
2238 2831 2473 2894 Pedum
2538 2829 2782 2894 femora
2845 2853 3041 2917 supra
3103 2829 3185 2892 ad
3251 2828 3487 2894 lineam

933 2939 1300 3002 medianam
1348 2936 1592 3003 aculeis
1639 2949 1701 3003 et
1749 2939 1903 3002 setis
1951 2936 2483 3003 aculeiformibus
2517 2936 2775 3023 aliquot,
2808 2949 3138 3024 praeterea
3169 2938 3491 3003 anteriora

931 3048 998 3110 in
1045 3046 1246 3111 latere
1293 3046 1507 3110 antico
1556 3047 1806 3132 apicem
1855 3069 2088 3110 versus
2158 3044 2384 3110 aculeo
2455 3048 2510 3129 1,
2582 3045 2702 3109 ΙΙΙ.
2773 3046 2842 3109 in
2912 3044 3221 3109 lateribus
3291 3067 3485 3132 supra

935 3155 1254 3239 utrimque
1302 3152 1544 3217 aculeis
1616 3154 1655 3217 3
1705 3165 1815 3217 aut
1883 3154 1943 3236 4,
2014 3153 2128 3217 IV.
2202 3154 2269 3215 in
2342 3164 2609 3238 utroque
2672 3152 2873 3217 latere
2939 3153 3187 3239 apicem
3260 3175 3487 3216 versus

931 3259 1158 3325 aculeo
1211 3265 1265 3344 1,
1311 3260 1586 3346 patellae
1635 3261 1859 3325 subter
1905 3259 2151 3324 aculeis
2198 3273 2261 3323 et
2309 3261 2461 3323 setis
2509 3259 2787 3323 fortibus
2821 3262 2861 3324 3
2895 3272 3005 3323 aut
3045 3262 3103 3343 ὃ,
3136 3262 3488 3324 anteriores

931 3371 997 3431 in
1046 3366 1247 3432 latere
1294 3369 1511 3432 antico
1560 3366 1804 3431 aculeis
1857 3370 2036 3432 1.1.1.
2085 3368 2221 3452 (aut
2271 3370 2412 3449 1.1)³
2475 3367 2596 3430 III.
2644 3368 2711 3430 in
2761 3366 2963 3431 latere
3026 3369 3238 3431 antico
3310 3371 3484 3451 1.1.1‚

931 3478 998 3538 in
1044 3476 1291 3562 postico
1343 3478 1458 3538 1.1.
1505 3475 1621 3538 IV.
1670 3476 1736 3537 in
1787 3474 1987 3538 latere
2039 3485 2303 3559 utroque
2358 3479 2386 3537 1
2441 3486 2552 3537 aut
2597 3475 2639 3538 Ο
2704 3475 2814 3554 (P)
2877 3486 3186 3555 armatae3
3254 3475 3484 3559 pedum

930 3583 1325 3645 anteriorum
1375 3582 1572 3645 tibiae
1622 3580 1850 3645 leviter
1919 3582 2317 3646 incrassatae
2393 3582 2501 3661 (II.
2567 3580 2781 3668 paullo
2830 3582 3062 3645 fortius
3127 3604 3321 3668 quam
3391 3583 3483 3661 1.),

932 3688 1130 3753 tibiae
1179 3690 1227 3753 I.
1278 3691 1343 3752 in
1392 3687 1594 3752 latere
1643 3691 1858 3753 antico
1907 3689 2153 3753 aculeis
2208 3692 2299 3753 1.1
2354 3700 2465 3752 aut
2518 3692 2696 3771 1.1.1‚
2745 3688 2967 3753 subter
3014 3701 3075 3753 et
3107 3690 3175 3752 in
3207 3689 3479 3753 laterum

829 3846 834 3851 -
933 3808 1109 3882 parte
1159 3796 1464 3859 inferiore
1512 3795 1755 3859 aculeis
1805 3819 1898 3859 ca.
1952 3798 2049 3880 17,
2097 3797 2293 3860 tibiae
2356 3797 2444 3859 ΙΙ.
2508 3797 2728 3860 subter
2790 3797 2855 3859 in
2920 3795 3189 3859 dimidio
3252 3796 3487 3884 apicali

929 3906 998 3966 in
1048 3902 1515 3987 longitudinem
1566 3902 1855 3989 paullulo
1904 3925 2243 3983 concavae,
2292 3904 2359 3965 in
2410 3903 2678 3966 dimidio
2728 3903 2930 3967 basali
2979 3903 3059 3966 ad
3107 3903 3278 3967 latus
3310 3916 3488 3967 exte-

932 4012 1066 4073 rius
1113 4009 1357 4074 aculeis
1407 4008 1643 4074 validis
1693 4012 1733 4074 3
1780 4022 1843 4073 et
1891 4011 2045 4074 setis
2093 4009 2625 4074 aculeiformibus
2658 4012 2899 4094 panem,
2926 4011 2993 4073 in
3028 4010 3224 4075 latere
3271 4012 3485 4075 antico

932 4117 1176 4180 aculeis
1230 4120 1346 4197 1.1,
1394 4116 1592 4182 tibiae
1656 4117 1777 4181 ΙΙΙ.
1849 4118 2073 4182 subter
2141 4115 2385 4180 aculeis
2456 4118 2638 4193 222„
2686 4128 3017 4204 praeterea
3078 4119 3145 4180 in
3211 4129 3477 4204 utroque

931 4223 1130 4287 latere
1179 4239 1242 4287 et-
1286 4226 1352 4287 in
1403 4223 1576 4287 dorsi
1647 4224 1956 4289 lateribus
2005 4223 2263 4288 abunde
2310 4223 2666 4304 aculeatam
2730 4225 2927 4289 tibiae
2974 4226 3088 4289 IV.
3158 4228 3489 4289 armatura

931 4330 1124 4394 simili
1177 4331 1422 4411 (subter
1468 4332 1684 4417 paullo
1735 4333 1942 4415 magis
1990 4331 2301 4412 abunda„
2371 4333 2699 4396 metatursi
2765 4332 2813 4395 I.
2875 4333 2944 4394 in
3007 4332 3207 4396 latere
3270 4333 3483 4395 antico

932 4437 1155 4501 aculeo
1207 4441 1262 4520 1,
1311 4437 1530 4502 subter
1577 4437 1821 4501 aculeis
1871 4438 2165 4522 fortibus,
2214 4438 2624 4502 mediocriter
2693 4438 2922 4522 longia
2984 4438 3311 4525 plerisque
3358 4438 3485 4502 sal-

934 4558 1060 4609 tem
1108 4544 1326 4630 paullo
1376 4546 1763 4631 compressis
1810 4557 1873 4610 et
1919 4546 2102 4630 apice
2150 4545 2627 4610 obtusiusculis
2699 4568 2789 4608 ca.
2856 4547 2956 4627 20,
3005 4547 3334 4610 metatarsi
3399 4546 3483 4609 II.

933 4654 999 4715 in
1047 4651 1248 4715 latere
1296 4653 1509 4715 antico
1555 4674 1752 4739 prope
1800 4652 2084 4716 medium
2141 4656 2193 4735 1,
2243 4652 2463 4717 subter
2506 4652 2575 4715 in
2623 4654 2803 4737 apice
2867 4653 2906 4716 3
2970 4664 3031 4716 et
3091 4653 3157 4715 in
3217 4652 3485 4715 dimidio

933 4760 1168 4846 apieali
1221 4762 1312 4822 1.1
1367 4770 1476 4822 aut
1526 4760 1686 4822 121
1737 4782 1864 4822 non
1913 4761 2185 4845 magnis
2236 4760 2563 4823 metatarsi
2608 4760 2995 4846 posteriores
3057 4760 3124 4821 in
3186 4757 3484 4822 omnibus

933 4864 1245 4928 lateribus
1295 4864 1552 4929 abunde
1604 4866 1905 4947 aculeati3
1955 4868 2107 4930 tarsi
2160 4868 2209 4931 Ι.
2272 4867 2518 4930 aculeis
2584 4867 2828 4951 parvis:
2895 4866 3116 4930 subter
3183 4869 3213 4929 1
3284 4888 3481 4953 prope
