3842 5925
2805 579 2891 642 53

331 793 471 864 068
499 816 630 872 mm
683 792 935 875 distat),
997 790 1322 878 profunda
1383 803 1505 874 est3
1554 793 1693 855 eius
1742 791 2005 858 fundus,
2068 791 2249 857 sulco
2310 793 2547 879 optime
2611 794 2888 857 circum-

330 901 627 985 scriptus.
675 922 967 965 corneus,
1013 897 1350 962 obscurior
1418 921 1612 986 quam
1682 899 1910 963 foveae
1982 900 2327 985 margines,
2392 899 2771 986 inaequalis:
2819 901 2882 963 in

330 1007 800 1090 longitudinem
851 1018 960 1070 aut
1007 1028 1341 1071 convexus
1388 1015 1498 1069 aut
1565 1005 1629 1069 in
1679 1004 1993 1090 angulum
2060 1005 2322 1072 fractus,
2386 1017 2632 1093 partem
2700 1006 2887 1070 modo

329 1114 712 1178 anteriorem
763 1113 989 1178 foveae
1034 1123 1325 1198 occupat,
1370 1113 1724 1199 posteriora
1772 1134 2001 1177 versus
2048 1112 2237 1177 latior
2282 1112 2371 1177 fit.
2420 1136 2583 1199 pone
2614 1112 2787 1177 linea
2821 1114 2882 1177 in

327 1220 638 1305 angulum
716 1221 1016 1285 obtusum
1093 1220 1299 1305 (apice
1363 1231 1535 1282 retro
1604 1218 1949 1302 directum)
2021 1219 2223 1284 fracta
2297 1221 2544 1301 finiturz,
2606 1221 2883 1307 spatium

327 1327 529 1390 fundo
579 1327 808 1390 foveae
856 1338 918 1391 et
965 1326 1241 1410 margini
1291 1325 1622 1411 epigastrii
1674 1327 2102 1390 interiectum.
2150 1327 2539 1391 0·24—0·32
2604 1326 2885 1412 longum,

327 1434 526 1500 laeve.
574 1434 894 1516 glabrum.
941 1432 1238 1497 nitidum.
1285 1433 1640 1519 posteriora
1689 1454 1919 1496 versus
1969 1433 2209 1497 sensim
2258 1434 2596 1497 adscendit
2643 1448 2703 1498 ct
2754 1433 2881 1496 sul—

328 1564 398 1605 co
446 1564 576 1605 non
627 1540 948 1628 profundo
995 1539 1393 1604 dimidiatur.

462 1648 960 1733 Cephalothorax
1005 1647 1416 1711 humefactus
1468 1647 1824 1710 umbrinus.
1872 1665 2054 1732 parte
2102 1647 2431 1733 cephalica
2483 1647 2884 1733 ruso—fuligi-

327 1760 461 1822 ῃεὶι.
509 1778 762 1819 summo
812 1754 1102 1840 margine
1173 1754 1540 1838 nigricanti.
1610 1755 1774 1817 vitta
1844 1753 2059 1817 media
2125 1753 2501 1819 abbreviata
2573 1770 2635 1818 et
2706 1757 2884 1819 vittis

327 1862 796 1947 marginalibus
842 1860 1253 1926 mediocriter
1301 1860 1447 1924 latis
1495 1859 1967 1947 pallidioribus‚
2031 1883 2255 1946 parum
2323 1862 2646 1947 expressis
2695 1885 2883 1926 orna-

326 1985 442 2033 tuS.
492 1968 912 2034 Mandibulae
975 1968 1524 2048 rufo-fuligineae.
1595 1967 1840 2031 labium
1905 1981 1968 2031 et
2039 1967 2341 2031 maxillae
2412 1969 2627 2053 paullo
2694 1970 2881 2056 palli—

325 2078 523 2141 diora.
573 2079 755 2162 apice
802 2074 1046 2146 albida:
1094 2089 1382 2139 sternum
1431 2087 1806 2138 castaneum
1840 2087 1953 2138 aut
1988 2075 2132 2138 rufo
2167 2075 2558 2141 umbrinum.
2592 2078 2881 2160 margine

324 2185 720 2263 obscuriore3
771 2173 974 2247 coxae
1020 2195 1242 2246 sterno
1291 2181 1508 2268 paullo
1557 2180 1945 2267 pallidiores
1993 2182 2188 2267 pedes
2235 2184 2509 2248 obscure
2558 2184 2723 2248 fulvi
2772 2199 2883 2248 aut

327 2291 1018 2358 rufescenti-umbrini.
1066 2291 1257 2353 tarsis
1305 2288 1772 2374 pallidioribuS.
1831 2288 2077 2353 femora
2140 2290 2361 2354 subter
2425 2290 2611 2356 fusco
2675 2315 2882 2355 annu-

325 2399 468 2463 lata.
516 2397 775 2462 annulis
824 2399 1025 2462 ternis
1073 2399 1135 2459 in
1185 2396 1461 2482 pedibus
1509 2396 1989 2482 posterioribus,
2059 2397 2230 2460 binis
2292 2399 2359 2461 in
2430 2399 2880 2463 anterioribus,

323 2507 516 2571 tibiae
565 2505 825 2568 annulis
873 2504 1077 2568 fuscis
1124 2501 1316 2586 binis,
1361 2526 1556 2590 supra
1606 2504 1953 2591 subterque
2001 2503 2129 2568 late
2174 2505 2551 2592 interruptis
2598 2519 2879 2584 ornatae.

323 2614 517 2677 tibiae
565 2613 617 2677 Ι.
664 2623 776 2676 aut
823 2613 1016 2675 etiam
1064 2612 1149 2676 ΙΙ.
1198 2623 1263 2676 et
1309 2612 1637 2675 metatarsi
1687 2612 1736 2676 Ι.
1785 2622 1895 2675 aut
1944 2613 1992 2675 I.
2058 2625 2119 2675 et
2182 2611 2268 2675 II.
2315 2611 2673 2696 infuscata,
2739 2614 2875 2678 basi

323 2719 680 2808 pallidiora,
728 2720 1054 2783 metatarsi
1101 2720 1486 2806 posteriores
1535 2720 1719 2803 apice
1776 2717 2057 2782 obsolete
2127 2719 2446 2800 annulati3
2519 2731 2649 2788 tota
2717 2719 2877 2784 haec

324 2830 572 2914 pictura
621 2826 871 2891 modice
919 2841 1029 2890 aut
1078 2825 1488 2890 mediocriter
1535 2847 1860 2911 expressa.
1907 2825 2094 2911 Palpi
2143 2825 2415 2890 obscure
2488 2825 2647 2889 fulvi
2700 2839 2877 2913 parte

325 2934 527 3001 tibiali
584 2946 649 3001 et
692 2934 1075 3022 praesertim
1149 2933 1368 2997 tarsali
1434 2936 1750 2997 castanea,
1823 2934 2133 2999 Abdomen
2208 2955 2403 3019 supra
2471 2933 2875 3019 fuligineum.

324 3045 539 3109 subter
586 3042 981 3117 umbrinum.
1028 3054 1322 3104 ornatum
1375 3041 1598 3106 subter
1646 3042 1825 3104 vittis
1873 3040 2325 3127 pallidioribus
2373 3040 2623 3105 duabus
2670 3064 2877 3125 angu-

323 3153 452 3235 stis.
497 3152 670 3217 inter
717 3173 784 3213 se
832 3150 1294 3237 approximatis
1340 3161 1404 3212 et
1451 3148 1518 3211 in
1567 3147 1878 3213 lateribus
1952 3149 2198 3212 ventris
2268 3149 2448 3211 vittis
2518 3147 2875 3213 latioribus.

323 3281 541 3347 parum
592 3258 946 3343 expressis3
994 3255 1254 3319 dorsum
1289 3254 1652 3319 abdominis
1697 3254 1858 3319 vitta
1886 3254 2135 3340 pictum
2168 3254 2874 3321 rufescenti-umbrina.

324 3379 418 3431 sat
463 3365 609 3448 lata,
655 3363 968 3428 lateribus
1017 3363 1083 3426 in
1131 3374 1310 3449 parte
1375 3362 1694 3426 anteriore
1772 3363 2000 3447 rectis,
2078 3364 2143 3424 in
2222 3363 2573 3447 posteriore
2647 3363 2873 3427 obtuse

322 3473 604 3553 serratis3
667 3472 855 3535 cuius
902 3471 1104 3534 vittae
1150 3492 1300 3556 pars
1347 3468 1561 3534 antica
1611 3468 1864 3532 macula
1902 3468 2219 3554 fuliginea
2251 3468 2691 3555 subquadrata
2739 3470 2872 3535 fere

327 3578 618 3666 repletur.
665 3600 816 3665 pars
862 3577 1111 3664 reliqua
1159 3577 1430 3661 angulos
1480 3576 1830 3659 fuligineos
1878 3575 2121 3662 aliquot
2186 3575 2492 3661 (primum
2565 3599 2872 3663 crassum:

325 3686 599 3772 reliquos
647 3697 747 3748 sat
794 3688 1129 3769 angustos)
1176 3685 1483 3749 continet:
1555 3684 1622 3747 in
1688 3682 2005 3768 exemplis
2074 3683 2349 3747 obscure
2420 3682 2720 3748 coloratis
2770 3688 2870 3749 re-

326 3805 490 3859 stant
535 3816 570 3856 e
620 3793 778 3856 vitta
826 3788 1092 3879 pallidat
1143 3792 1206 3854 in
1255 3802 1435 3877 parte
1484 3791 1696 3855 antica
1745 3789 1957 3854 lineae
2005 3790 2172 3853 duae
2206 3789 2570 3876 parallelae,
2620 3792 2682 3853 in
2734 3790 2870 3854 lon-

326 3900 678 3985 gitudinem
727 3898 1027 3979 directae,
1073 3922 1238 3985 pone
1287 3920 1411 3963 eas,
1465 3896 1683 3984 paullo
1730 3910 1880 3961 ante
1930 3896 2211 3961 medium
2264 3895 2544 3981 dorsum,
2579 3896 2869 3962 maculae

326 4020 418 4085 sat
462 4029 719 4093 parvae,
767 4004 1343 4090 subtriangularcs‚
1391 4007 1455 4069 in
1485 4005 1658 4069 dorsi
1685 4003 1958 4067 dimidio
2004 4004 2357 4090 posteriore
2406 4006 2585 4090 paria
2608 4006 2871 4069 circiter

325 4116 440 4179 tria
486 4113 886 4181 macularum
936 4113 1151 4187 minus
1198 4134 1673 4201 expressarum.
1721 4112 1890 4175 inter
1939 4134 2007 4175 se
2057 4110 2200 4196 plus
2264 4112 2564 4175 minusve
2624 4113 2689 4175 in
2756 4134 2867 4174 an-

323 4220 500 4307 gulos
546 4220 822 4306 pallidos
870 4219 1379 4285 coniuncturum.
1432 4218 1758 4283 Mamillae
1807 4217 2065 4282 infimae
2116 4216 2665 4303 ruto-fuligineae‚
2714 4219 2868 4281 arti—

327 4328 501 4393 culus
547 4328 785 4393 basalis
833 4349 1282 4414 supremarum
1348 4325 1560 4391 colore
1622 4325 1881 4409 eodem.
1944 4324 2257 4389 articulus
2320 4322 2586 4410 apicalis
2649 4324 2868 4411 paullo

328 4434 628 4519 pallidior.

453 4543 833 4607 Desiccatus
881 4541 1356 4627 ceph-alothorax
1401 4541 1562 4604 vitta
1610 4540 1822 4605 media
1870 4540 2087 4603 albida
2157 4549 2267 4603 aut
2315 4540 2587 4621 cremea‚
2635 4538 2867 4602 abbre-

327 4650 505 4730 viata,
548 4673 582 4713 e
631 4649 804 4735 pube
851 4649 1124 4713 formata
1175 4648 1384 4734 pictus
1431 4659 1545 4730 est7
1591 4650 1879 4713 abdomen
1947 4645 2114 4733 pube
2182 4644 2399 4709 albida
2468 4655 2751 4729 ornatur,
2798 4646 2864 4707 in

327 4755 488 4819 dorsi
530 4756 843 4822 lateribus
890 4755 1198 4845 dispersa7
1245 4756 1312 4820 in
1360 4758 1500 4819 eius
1547 4766 1730 4842 parte
1779 4754 1991 4818 media
2054 4755 2120 4817 in
2178 4754 2499 4838 picturam
2561 4757 2867 4837 congesta

329 4863 580 4928 similem
632 4876 827 4950 atque
897 4886 988 4949 ea,
1055 4867 1178 4951 qua
1250 4864 1512 4927 dorsum
1585 4861 2024 4926 humefactum
2100 4859 2544 4946 exemplorum
2591 4858 2863 4922 obscure
