3842 5925
901 535 989 596 44

1523 745 1917 800 Pterotricha
1958 745 2334 814 lentiginosa
2373 747 2464 814 (C.
2504 747 2569 800 L.
2610 746 2835 815 Koch).

1945 855 2078 906 Tab.
2120 857 2178 912 1.,
2218 856 2303 920 fig.
2346 855 2428 907 11.

1034 960 1427 1048 Exemplum
1478 959 1789 1042 adultum,
1839 961 1905 1024 in
1958 959 2199 1025 insulta
2245 960 2438 1027 Creta
2484 961 2743 1044 lectum,
2806 961 2975 1047 quod
3024 960 3178 1025 huic
3227 962 3478 1048 speciei

902 1067 1425 1152 subiungendum
1477 1067 1755 1153 videtur,
1802 1066 2023 1131 differt
2069 1092 2107 1132 a
2154 1068 2588 1155 descriptione
2636 1090 2673 1132 a
2720 1068 2849 1133 Cel.
2899 1068 2972 1132 L.
3020 1068 3352 1133 Kochio
3404 1069 3477 1131 in

907 1177 1071 1259 „Die
1119 1174 1793 1240 Arachnidenfamilie
1827 1175 1943 1238 der
1974 1174 2377 1239 Drassiden“
2433 1173 2679 1261 prolata
2726 1181 2893 1260 (pag.
2943 1177 3053 1256 41)
3100 1175 3202 1239 his
3242 1175 3480 1240 rebus:

902 1284 1113 1348 Maius
1162 1293 1275 1366 est,
1323 1281 1855 1366 cephalothorace
1903 1284 2008 1346 45
2059 1305 2226 1354 mm„
2290 1281 2566 1367 pedibus
2613 1283 2664 1346 Ι.
2720 1287 2782 1361 (a
2829 1281 2967 1346 basi
3018 1282 3313 1366 femoris)
3371 1286 3479 1347 15.

899 1390 1178 1477 pedibus
1225 1388 1340 1453 IV.
1393 1390 1537 1454 185
1585 1389 1815 1473 longis,
1863 1388 2020 1453 tibia
2069 1410 2215 1453 cum
2268 1388 2501 1475 patella
2550 1388 2791 1475 pedum
2823 1389 2937 1453 IV.
2974 1391 3093 1473 58,
3144 1389 3385 1475 pedum
3422 1390 3477 1452 Ι.

902 1499 1007 1563 ΞΥΟ
1055 1497 1246 1580 longa
1296 1496 1660 1578 (evidenter
1705 1497 1921 1582 itaque
1968 1495 2259 1581 longiore
2308 1519 2501 1581 quam
2536 1495 3089 1582 (·ephalothorax);
3139 1495 3313 1560 oculi
3349 1519 3475 1559 an-

899 1605 1011 1667 tici
1060 1603 1256 1666 medii
1308 1605 1474 1667 inter
1507 1626 1573 1666 se
1605 1626 1836 1689 parum
1871 1601 2016 1689 plus
2049 1625 2238 1688 quam
2275 1602 2474 1682 radio,
2525 1625 2564 1669 a
2611 1603 2845 1666 mediis
2891 1604 3155 1690 posticis
3204 1605 3480 1667 circiter

899 1710 1232 1774 diametm.
1282 1732 1318 1774 a
1367 1711 1661 1794 margine
1709 1709 1925 1797 clypei
1974 1707 2169 1794 dupla
2221 1710 2537 1774 diametro
2578 1709 2846 1788 distant3
2897 1711 3096 1772 series
3129 1709 3476 1773 oculorum

902 1818 1149 1905 postica
1195 1839 1323 1879 non
1371 1815 1574 1879 multo
1621 1816 1838 1880 minus
1886 1838 2077 1903 quam
2113 1815 2457 1879 latitudine
2499 1815 2671 1879 oculi
2704 1815 2991 1880 lateralis
3027 1816 3307 1902 desuper
3343 1817 3472 1878 visi

900 1924 1151 2008 longior
1197 1936 1295 1988 est
1340 1946 1530 2010 quam
1582 1925 1825 2004 antica3
1874 1923 2047 1988 oculi
2095 1923 2396 1988 laterales
2429 1925 2626 1987 antici
2664 1923 2799 1987 fere
2834 1924 3121 2002 rotundi;
3173 1936 3473 1988 sternum

903 2030 1193 2118 paullulo
1241 2030 1497 2115 longius
1559 2054 1753 2116 quam
1808 2030 2003 2094 latius
2067 2035 2190 2108 (2-1
2243 2042 2305 2094 et
2352 2032 2456 2094 20
2505 2043 2689 2115 mm„
2758 2031 2997 2116 pedum
3061 2034 3465 2095 anteriorum

898 2139 1055 2202 tarsi
1105 2147 1167 2201 et
1223 2139 1550 2202 metatarsi
1615 2139 1681 2200 in
1747 2147 2015 2223 utroque
2077 2137 2277 2201 latere
2324 2138 2496 2200 infra
2559 2136 2823 2223 scopula
2885 2141 3161 2222 angusta
3225 2140 3473 2208 ornati:

897 2243 1136 2332 pedum
1188 2245 1271 2309 ΙΙ.
1317 2245 1516 2308 tibiae
1566 2257 1628 2308 et
1676 2245 2006 2308 metatarsi
2055 2266 2180 2307 non
2232 2243 2441 2307 solum
2475 2244 2696 2308 subter
2737 2244 2846 2308 sed
2898 2245 3092 2308 etiam
3141 2246 3207 2307 in
3255 2243 3473 2309 latero

895 2352 1111 2416 antico
1159 2350 1454 2415 aculeata
1514 2350 1690 2432 (illae
1753 2351 1998 2415 aculeis
2052 2353 2146 2414 1.1
2200 2350 2571 2414 fortioribus
2634 2351 2826 2434 infra,
2898 2354 2991 2414 1.1
3054 2352 3467 2415 tenuioribus

896 2480 1108 2543 supra,
1173 2457 1238 2521 hi
1287 2458 1511 2522 aculeo
1563 2460 1644 2541 1),
1706 2456 1982 2542 patellae
2049 2457 2168 2521 III.
2233 2457 2425 2521 ctiam
2494 2457 2558 2520 in
2607 2457 2808 2521 latere
2858 2458 3074 2522 antico
3129 2457 3356 2522 aculeo
3410 2462 3471 2542 l:

895 2566 1091 2630 tibiae
1138 2566 1261 2629 III.
1309 2567 1375 2628 in
1424 2576 1695 2650 utroque
1741 2564 1942 2629 latere
2005 2563 2248 2628 aculeis
2311 2566 2370 2648 4,
2434 2564 2649 2628 femur
2698 2565 2812 2628 IV.
2869 2566 2933 2626 in
2987 2564 3189 2630 latere
3252 2567 3471 2630 antico

901 2677 1017 2756 1.1‚
1066 2671 1306 2757 patella
1353 2672 1470 2737 IV.
1516 2669 1714 2755 nu110‚
1761 2672 1923 2736 tibia
1970 2672 2083 2735 IV.
2134 2694 2297 2757 pone
2346 2671 2590 2736 aculeis
2637 2674 2679 2734 4
2727 2683 2968 2736 ornata.

1028 2779 1454 2844 Differentiae
1501 2778 1623 2843 hae
1669 2801 1753 2843 ex
1804 2793 1987 2865 parte
2049 2778 2311 2864 quidem
2380 2801 2507 2842 non
2575 2777 2755 2844 leves
2820 2791 2970 2843 sunt
3034 2780 3474 2867 (praesertime

894 2908 1058 2973 quae
1104 2885 1439 2950 oculorum
1487 2888 1680 2950 situm
1731 2887 2048 2970 attinent),
2094 2885 2519 2948 nihilominus
2566 2885 2937 2972 exemplum
2984 2896 3281 2950 nostrum
3311 2908 3469 2974 pro-

896 2993 1198 3060 babiliter
1245 3017 1402 3059 vera
1448 3005 1545 3059 est
1592 2996 1979 3080 lentiqz'nosa,
2045 2995 2348 3079 quoniam
2404 2993 2739 3058 oculorum
2790 2996 2916 3058 situ
2967 3008 3029 3059 ct
3078 2994 3285 3058 forma
3334 3018 3467 3058 non

896 3100 1066 3165 male
1113 3103 1419 3166 convenit
1466 3124 1614 3165 cum
1664 3100 2050 3187 exemplo
2097 3102 2382 3185 marm,
2431 3101 2603 3187 quod
2651 3101 2837 3165 nobis
2886 3101 3055 3165 dono
3104 3101 3282 3166 dedit
3328 3101 3467 3167 Cel.

893 3210 968 3272 E.
1018 3209 1321 3275 Simon.
1369 3209 1446 3272 In
1497 3231 1675 3273 mare
1719 3207 1844 3272 hoc
1893 3210 2093 3272 series
2140 3206 2477 3272 oculorum
2524 3209 2771 3292 postica
2820 3207 3009 3271 modo
3057 3208 3327 3273 dimidia
3369 3208 3466 3272 la-

895 3315 1172 3380 titudine
1220 3314 1389 3379 oculi
1440 3314 1727 3379 lateralis
1775 3314 2055 3401 desuper
2088 3315 2215 3379 visi
2246 3313 2502 3396 longior
2533 3327 2633 3378 est
2680 3315 2845 3379 serie
2892 3317 3125 3399 antica,
3174 3326 3464 3380 ceterum

895 3422 1063 3487 oculi
1114 3423 1252 3486 eius
1303 3445 1428 3485 non
1480 3421 1788 3486 differunt
1836 3423 1915 3486 ab
1965 3421 2171 3486 oculis
2221 3422 2500 3486 feminae
2548 3425 2615 3485 in
2663 3422 2855 3487 Creta
2902 3422 3125 3487 lectae.

1028 3529 1331 3617 Epigyne
1365 3528 1645 3615 exempli
1683 3530 1882 3593 nostri
1918 3528 2152 3592 similis
2185 3530 2449 3613 figurae
2496 3551 2692 3614 quam
2739 3528 2919 3593 dedit
2949 3528 3082 3595 Cel.
3118 3530 3189 3593 L.
3222 3529 3461 3594 Koch

891 3636 930 3699 l.
981 3657 1050 3719 c.,
1099 3637 1391 3700 minutiis
1437 3636 1831 3721 quibusdam
1878 3648 2092 3700 tamen
2144 3636 2476 3699 distincta:
2528 3648 2779 3721 septum
2826 3647 2888 3699 et
2922 3636 3149 3701 foveae
3181 3636 3462 3721 latiores:

894 3743 1139 3824 tubera,
1204 3744 1438 3829 quibus
1500 3742 1729 3807 foveae
1793 3766 1874 3806 ex
1939 3754 2119 3830 parte
2174 3742 2526 3829 replentur,
2590 3744 2798 3826 magis
2847 3744 3326 3830 asymmetrica‚
3391 3745 3460 3806 in

895 3860 1073 3935 parte
1121 3850 1475 3936 posteriore
1506 3872 1545 3913 a
1577 3862 1756 3936 septo
1806 3849 1986 3915 sulco
2033 3849 2222 3913 modo
2260 3849 2499 3914 vadoso
2534 3840 2808 3935 augusto
2844 3849 3165 3923 distincta,
3215 3871 3254 3913 a
3286 3871 3458 3912 mar—

892 3955 1158 4041 ginibus
1205 3956 1636 4021 exterioribus
1700 3957 2036 4021 fovearum
2087 3979 2242 4020 vero
2307 3980 2433 4019 non
2483 3957 2810 4041 distincta,
2873 3956 2937 4018 hi
3003 3957 3171 4019 enim
3242 3954 3462 4041 paullo

893 4086 1058 4149 pone
1106 4063 1389 4126 mediam
1435 4075 1681 4148 partem
1734 4062 2069 4127 fovearum
2135 4063 2310 4127 intus
2368 4063 2620 4127 curvati
2688 4086 2835 4127 cum
2901 4063 3240 4126 tuberibus
3306 4084 3458 4126 con-

895 4170 1255 4251 iunguntur
1300 4180 1364 4234 et
1409 4172 1476 4233 in
1526 4170 1619 4233 eis
1667 4180 2085 4234 evanescunt.

1665 4401 2074 4455 Holocnemus
2113 4400 2453 4468 labyrinthi
2495 4417 2551 4456 n.
2592 4418 2683 4469 sp.

1865 4510 1997 4559 rab.
2037 4511 2095 4572 1,
2136 4509 2222 4575 fig.
2263 4509 2313 4571 5,
2352 4508 2402 4567 6,
2443 4510 2489 4560 7.

1026 4598 1078 4660 F
1096 4618 1131 4659 e
1153 4598 1319 4659 min
1341 4619 1393 4658 a.

1032 4703 1525 4790 Cephalothorax
1574 4706 1718 4768 152
1766 4728 1915 4766 mm.
1967 4703 2197 4785 longus
2253 4703 2512 4791 (clypeo
2561 4715 2830 4789 excepto
2878 4703 3069 4767 modo
3120 4706 3266 4768 129
3314 4703 3454 4766 lon-

891 4824 1054 4892 gus).
1106 4812 1246 4875 1·47
1306 4809 1493 4893 lame,
1558 4809 1903 4885 sublaeviS‚
1970 4811 2234 4895 nitidus,
2298 4810 2449 4898 pilis
2512 4810 2721 4896 longis
2786 4810 3097 4898 dispersis
3160 4822 3459 4889 ornatus3
