3842 5925
927 525 1033 590 '50

937 761 1104 824 quae
1152 737 1432 803 Galliam
1512 736 1768 806 incolit.
1835 737 2193 822 Creticam,
2262 738 2804 820 Maderianam1),
2868 738 3505 823 Oroatico-Hunga-

944 848 1144 911 ricam
1169 852 1235 930 2).

1077 953 1264 1018 Bulbi
1337 951 1639 1037 genitalis
1710 951 1919 1015 forma
1982 952 2379 1016 conveniunt
2437 953 2603 1015 inter
2651 974 2719 1015 se
2768 962 2877 1015 aut
2926 974 3157 1037 parum
3191 950 3505 1016 differunt

942 1061 1170 1125 saltem
1219 1059 1592 1144 subspecies
1642 1062 1874 1145 typica,
1927 1061 2314 1140 madet-iana,
2379 1061 2626 1125 cretica:
2693 1081 2915 1143 margo
2978 1059 3236 1123 anticus
3301 1059 3504 1144 partis

940 1165 1304 1232 terminalis
1353 1165 1553 1230 bulbi.
1601 1165 1805 1250 niger,
1853 1187 2076 1231 arcum
2129 1166 2363 1230 format
2428 1167 2494 1229 in
2543 1167 2637 1230 eis
2702 1178 3137 1250 recurvatum,
3200 1168 3506 1253 inaequa-

940 1274 1158 1358 bilem,
1205 1296 1406 1360 quum
1477 1272 1558 1336 ab
1631 1274 1758 1336 imo
1816 1272 2191 1360 adspicitur.
2258 1272 2357 1337 bis
2406 1274 2761 1336 sinuatum:
2824 1274 2891 1335 in
2956 1284 3139 1359 parte
3205 1274 3507 1337 interiore

940 1395 1002 1447 et
1050 1382 1131 1444 ad
1181 1381 1387 1444 basim
1437 1379 1672 1443 emboli
1736 1380 1978 1466 proprii
2010 1384 2073 1456 3).
2161 1378 2379 1444 Ambo
2452 1380 2632 1443 sinus
2694 1381 2931 1444 absunt
2992 1378 3185 1464 plane
3251 1381 3318 1442 in
3392 1379 3505 1443 Th.

941 1489 1190 1574 veclqari
1236 1487 1644 1571 Hungariam
1694 1497 1758 1550 et
1803 1486 2131 1552 Croatiam
2197 1486 2501 1551 incolenti
2570 1495 2787 1572 (quam
2855 1485 3257 1573 subspeciem
3320 1486 3509 1550 brevi»

933 1598 1146 1680 pedem
1198 1593 1670 1681 apellabimus)‚
1721 1615 1943 1677 margo
1991 1593 2245 1656 anticus
2293 1594 2495 1680 partis
2544 1592 2905 1657 terminalis
2939 1615 3259 1678 nusquam
3305 1594 3508 1656 inter-

943 1714 1169 1788 ruptus
1218 1723 1425 1787 neque
1475 1701 1768 1762 sinuatus
1817 1701 1954 1764 abit
2000 1700 2066 1762 in
2118 1701 2476 1785 marginem
2528 1700 2818 1765 anticum
2882 1722 3324 1787 compressum
3371 1721 3506 1764 em-

942 1808 1092 1893 ὺυΙί,
1162 1809 1228 1871 in
1276 1809 1521 1895 pariete
1568 1805 1801 1871 emboli
1854 1806 2138 1869 dorsuali
2187 1806 2493 1890 (fundum
2541 1806 2772 1871 alveoli
2824 1807 3170 1894 spectanti)
3194 1829 3321 1869 non
3355 1828 3506 1870 con-

940 1917 1233 1980 tinuatur
1280 1915 1409 1997 (fig.
1461 1915 1552 1996 8j›;
1599 1913 1789 1978 etiam
1842 1937 1880 1976 a
1927 1913 2139 1978 fronte
2187 1915 2368 1977 visus
2416 1913 2709 1978 embolus
2743 1913 3108 2000 subspeciei
3141 1913 3333 1977 huius
3358 1935 3506 1976 cum

943 2022 1143 2087 limbo
1213 2022 1400 2104 nigro
1469 2021 1672 2108 partis
1735 2020 2099 2085 terminalis
2168 2022 2235 2084 in
2309 2043 2534 2084 arcum
2599 2020 3003 2107 aequabilem
3074 2021 3507 2106 coniungitur,

942 2128 1179 2215 angulo
1227 2130 1294 2192 in
1343 2129 1482 2192 basi
1531 2128 1939 2192 extrinsecus
2011 2129 2132 2191 sito
2203 2140 2378 2192 caret
2447 2128 2576 2212 (fig.
2652 2131 2775 2212 10).
2845 2129 2923 2192 In
2995 2129 3212 2215 subsp.
3281 2130 3506 2212 typica,

943 2239 1184 2318 cretica,
1233 2237 1621 2317 madet-iana,
1670 2234 1912 2298 limbus
1961 2257 2235 2298 corneus
2303 2236 2371 2298 in
2444 2235 2756 2321 parietem
2831 2234 3200 2299 dorsualem
3270 2233 3504 2299 emboli

944 2342 1317 2408 extenditur
1364 2354 1426 2405 et
1474 2343 1540 2404 in
1589 2341 1730 2406 basi
1778 2340 2017 2405 emboli
2066 2364 2103 2405 a
2152 2341 2360 2406 fronte
2410 2342 2697 2429 adspecti
2772 2341 3027 2407 dentem
3079 2341 3315 2405 format
3360 2340 3509 2428 plus

945 2452 1244 2514 minusve
1292 2448 1658 2512 evidentem
1708 2448 1838 2533 (fig.
1888 2452 1971 2528 9).

1079 2555 1328 2620 Pedum
1378 2554 1784 2639 longitudine
1833 2568 2112 2642 superat.
2164 2567 2231 2618 ut
2278 2555 2584 2639 diximus,
2635 2555 2853 2643 subsp.
2924 2559 3143 2620 cretica
3216 2558 3510 2639 typicam&

944 2663 1136 2727 huius
1183 2663 1381 2750 pedes
1431 2661 1754 2742 longiores
1804 2674 1957 2726 sunt
2002 2686 2193 2748 quam
2246 2663 2462 2749 subsp.
2510 2665 2927 2746 ‹maderianaa
2975 2665 3162 2726 cuius
3213 2662 3511 2748 cephalo-

942 2771 1177 2835 thorax
1224 2793 1428 2856 aeque
1474 2770 1709 2853 longus
1758 2781 1855 2832 est
1902 2781 2093 2855 atque
2157 2770 2314 2834 tibia
2385 2769 2500 2834 IV.
2576 2781 2687 2834 aut
2756 2774 2831 2833 ea
2898 2769 3188 2857 paullulo
3259 2769 3511 2854 longior

945 2878 1155 2965 potius
1204 2875 1362 2952 lille:
1413 2878 1578 2958 236,
1627 2878 1792 2949 214,
1842 2876 1999 2940 haec
2070 2878 2234 2962 2272
2302 2880 2464 2942 194.
2526 2876 2764 2964 patella
2825 2879 2991 2958 Ο·97,
3053 2879 3197 2941 091
3267 2875 3509 2961 longa)3

945 2985 1162 3071 subsp.
1210 2986 1479 3069 brevipes
1528 2983 1806 3048 discedit
1854 3008 1890 3047 a
1940 2984 2205 3070 reliquis
2255 2984 2718 3072 subspeciebus
2766 2986 2943 3049 tibiis
2993 2985 3106 3048 IV.
3172 2984 3511 3050 evidenter

945 3093 1354 3156 brevioribus
1402 3115 1596 3177 quam
1646 3091 2147 3177 cephalothorax
2196 3092 2493 3179 (cephal.:
2544 3094 2708 3174 259,
2757 3095 2924 3175 207,
2957 3092 3118 3156 tibia
3150 3093 3291 3157 IV.:
3343 3094 3509 3156 2-17.

951 3200 1110 3264 1·78.
1157 3197 1396 3285 patella
1445 3199 1591 3262 IV.:
1646 3202 1806 3281 110,
1853 3200 2000 3264 Ο·87
2052 3198 2289 3283 longa).

1080 3305 1434 3371 Oculorum
1484 3307 1610 3368 situ
1684 3306 1794 3370 Th.
1866 3308 2143 3391 vul-qaris
2208 3309 2610 3371 maderiamcs
2679 3329 2829 3370 cum
2898 3306 3119 3394 typico
3190 3308 3509 3387 convenit,

944 3411 1216 3499 clypeus
1266 3413 1405 3475 eius
1451 3411 1743 3498 paullulo
1792 3411 1981 3475 altior
2029 3424 2124 3476 est
2170 3414 2459 3493 (circiter
2540 3414 2641 3495 ¹s10
2717 3413 3025 3476 humilior
3094 3436 3287 3499 quam
3359 3435 3505 3478 area

943 3519 1275 3582 oculorum
1327 3519 1688 3581 mediorum
1736 3518 1973 3599 longa).
2032 3520 2304 3583 Thanatc'
2350 3522 2628 3602 vulyatis
2675 3522 3012 3605 brevipedis
3084 3532 3325 3607 puncta
3375 3543 3507 3585 me-

948 3625 1052 3688 dia
1124 3626 1460 3689 oculorum
1533 3625 1892 3690 mediorum
1965 3626 2325 3690 anticorum
2393 3650 2541 3690 cum
2612 3627 3018 3711 marginibus
3091 3628 3508 3692 inferioribus

945 3732 1311 3796 lateralium
1359 3731 1599 3796 lineam
1648 3733 1995 3817 designant
2042 3745 2284 3798 rectam
2349 3748 2461 3798 aut
2509 3733 2838 3798 levissime
2902 3735 3201 3797 deorsum
3274 3758 3508 3799 curva-

945 3852 1096 3923 tam,
1145 3862 1294 3903 area
1341 3838 1678 3902 oculorum
1731 3839 2090 3903 mediorum
2138 3863 2338 3926 aeque
2384 3840 2579 3925 longa
2628 3853 2722 3905 est
2771 3853 2960 3928 atque
3007 3865 3173 3928 pone
3221 3841 3353 3905 lata
3398 3856 3509 3906 aut

946 3946 1237 4033 paullulo
1286 3945 1555 4027 longior,
1606 3945 1878 4034 clypeus
1926 3947 2303 4033 plerumque
2351 3948 2687 4012 evidenter
2756 3948 3064 4012 humilior
3110 3971 3302 4035 quam
3348 3949 3508 4013 haec

1092 4195 1128 4259 ¹)
1177 4195 1497 4246 Tlmnathus
1554 4195 1802 4259 ναὶ-φανὴ·
1844 4199 2023 4248 Kulcz.
2068 4199 2121 4247 iu
2162 4200 2567 4253 ..Arachnoidea
2592 4201 2751 4263 opera
2785 4203 2911 4250 Rev.
2953 4203 3010 4250 E.
3052 4200 3362 4250 Schmitz
3400 4201 3507 4250 col·

949 4284 1089 4334 lecta
1127 4285 1182 4333 in
1222 4285 1409 4333 insulis
1451 4286 1775 4335 Maderianis
1814 4294 1864 4335 et
1906 4287 1959 4335 in
2001 4288 2187 4336 insulis
2228 4289 2479 4351 selvages
2518 4289 2726 4338 dictis··.

1093 4370 1131 4436 ²)
1180 4372 1273 4422 Th.
1311 4372 1562 4437 vulgaris·
1600 4374 1804 4438 Chyzer
1842 4376 1882 4423 ἃ
1929 4374 2252 4441 [zuis-zyfiski
2290 4377 2343 4425 in
2384 4380 2659 4441 „Ax-aneae
2702 4379 3063 4441 hungariae&

1095 4460 1134 4525 ³)
1173 4464 1282 4513 Cfr.
1323 4464 1519 4528 figuras
1561 4464 1876 4515 nostras14·
1933 4474 1983 4514 et
2048 4464 2123 4517 15.
2184 4468 2244 4514 ln
2302 4467 2473 4531 figura
2534 4466 2611 4529 13,
2669 4483 2805 4530 quae
2862 4469 3067 4532 apicem
3126 4468 3271 4516 bulbi
3331 4468 3508 4531 subsp.

951 4550 1180 4602 creticae
1222 4568 1254 4601 a
1293 4560 1443 4616 parte
1483 4553 1732 4602 inferiore
1772 4554 2036 4618 simulque
2078 4555 2255 4618 paullo
2295 4572 2328 4604 a
2366 4555 2532 4604 latere
2590 4556 2850 4606 exteriore
2908 4564 2960 4606 et
3015 4573 3048 4606 a
3107 4560 3281 4607 fronte
3339 4557 3509 4605 visum

950 4650 1333 4705 repraesentat,
1373 4642 1520 4690 sinus
1559 4642 1779 4692 interior
1818 4643 2152 4693 mediocriter
2190 4660 2467 4708 expressus
2507 4653 2603 4707 est,
2643 4647 2872 4695 exterior
2911 4647 3068 4710 plane
3108 4664 3211 4696 non
3251 4648 3512 4711 conspici-

951 4738 1053 4793 tur3
1092 4731 1293 4780 directo
1334 4746 1367 4780 a
1406 4740 1554 4794 parte
1595 4732 1845 4781 inferiore
1886 4733 2029 4781 visus
2070 4733 2259 4783 bulbus
2300 4734 2457 4783 huius
2497 4735 2791 4797 subspeciei
2843 4737 3032 4785 similis
3083 4744 3164 4785 est
3201 4738 3313 4786 scre
3352 4747 3511 4801 atque

952 4820 1006 4867 in
1045 4818 1132 4884 fig.
1175 4819 1255 4870 15.
